%% This BibTeX bibliography file was created using BibDesk.
%% http://bibdesk.sourceforge.net/

%% Created for Peter Gerstoft at 2020-05-14 11:24:50 -0700 


%% Saved with string encoding Unicode (UTF-8) 



@book{Jebara2004,
	Affiliation = {Columbia University},
	Author = {Jebara, Tony},
	Copyright = {Kluwer Academic Publishers},
	Date-Added = {2020-05-14 11:24:46 -0700},
	Date-Modified = {2020-05-14 11:24:46 -0700},
	Doi = {10.1007/978-1-4419-9011-2},
	Isbn = {978-1-4613-4756-9},
	Language = {Undetermined},
	Publisher = {Springer},
	Series = {The International Series in Engineering and Computer Science},
	Title = {Machine Learning: Discriminative and Generative},
	Year = {2004},
	Bdsk-Url-1 = {https://doi.org/10.1007/978-1-4419-9011-2}}

@article{kassam1985,
	Author = {Kassam, S.~A. and Poor, H.~V.},
	Date-Added = {2019-10-20 13:02:03 -0700},
	Date-Modified = {2019-10-20 13:16:39 -0700},
	Journal = {Proceedings of the IEEE},
	Number = {3},
	Pages = {433--481},
	Publisher = {IEEE},
	Title = {Robust techniques for signal processing: A survey},
	Volume = {73},
	Year = {1985}}



